<?xml version="1.0" encoding="UTF-8"?><collection xmlns="http://www.loc.gov/MARC21/slim"><record><leader>00496nam--2200169-i-4500</leader><controlfield tag="001">000027399</controlfield><controlfield tag="002">20161230</controlfield><controlfield tag="005">20161230201036</controlfield><controlfield tag="008">060222s1000------------r-----000-0-eng-d</controlfield><datafield ind1=" " ind2=" " tag="040"><subfield code="a">IFIN-HH</subfield></datafield><datafield ind1=" " ind2=" " tag="080"><subfield code="a">53:62</subfield></datafield><datafield ind1="1" ind2=" " tag="100"><subfield code="a">Kingsbury, Robert F</subfield></datafield><datafield ind1="1" ind2="0" tag="245"><subfield code="a">Elements of physics. an introduction for students of science and engineering</subfield><subfield code="c">Robert f. kingsbury</subfield></datafield><datafield ind1=" " ind2=" " tag="260"><subfield code="a">Princeton, N.J</subfield><subfield code="b">D. Van Nostrand Co., Inc</subfield><subfield code="c">1966</subfield></datafield><datafield ind1=" " ind2=" " tag="300"><subfield code="a">IX+630P</subfield></datafield><datafield ind1=" " ind2=" " tag="852"><subfield code="a">30579</subfield><subfield code="c">53</subfield></datafield><datafield ind1=" " ind2=" " tag="CAT"><subfield code="a">Sys</subfield><subfield code="c">20150219</subfield><subfield code="h">151604</subfield></datafield></record></collection>